@book{pongsriiam2023analytic,
  title={Analytic Number Theory for Beginners},
  author={Pongsriiam, Prapanpong},
  volume={103},
  year={2023},
  publisher={American Mathematical Society}
}

@book{apostol1998introduction,
  title={Introduction to Analytic Number Theory},
  author={Apostol, T.M.},
  isbn={9780387901633},
  lccn={98164861},
  series={Undergraduate Texts in Mathematics},
  url={https://books.google.com.co/books?id=Il64dZELHEIC},
  year={1998},
  publisher={Springer New York}
}
@book{Apostol:105425,
      author        = "Apostol, Tom M",
      title         = "{Mathematical analysis; 2nd ed.}",
      publisher     = "Addison-Wesley",
      address       = "Reading, MA",
      series        = "Addison-Wesley series in mathematics",
      year          = "1974",
      url           = "https://cds.cern.ch/record/105425",
}

@book{jameson2003prime,
  title={The prime number theorem},
  author={Jameson, Graham James Oscar},
  year={2003},
  publisher={Cambridge University Press}
}

@book{murty2007problems,
  title={Problems in analytic number theory},
  author={Murty, USR},
  volume={206},
  year={2007},
  publisher={Springer Science \& Business Media}
}

@book{patterson1995introduction,
  title={An introduction to the theory of the Riemann zeta-function},
  author={Patterson, Samuel J},
  year={1995},
  publisher={Cambridge University Press}
}

@book{stein2010complex,
  title={Complex Analysis},
  author={Stein, E.M. and Shakarchi, R.},
  isbn={9781400831159},
  lccn={2005274996},
  series={Princeton lectures in analysis},
  url={https://books.google.com.co/books?id=0ECHh9tjPUAC},
  year={2010},
  publisher={Princeton University Press}
}
@article{riemann1990ueber,
  title={On the Number of Primes less than a Given Magnitude},
  author={Riemann, Bernhard},
  journal={Complete Works. Kendrick Press},
  year={2004}
}
@book{davenport2013multiplicative,
  title={Multiplicative number theory},
  author={Davenport, Harold},
  volume={74},
  year={2013},
  publisher={Springer Science \& Business Media}
}
@article{zagier1997newman,
  title={Newman's short proof of the prime number theorem},
  author={Zagier, Don},
  journal={The American mathematical monthly},
  volume={104},
  number={8},
  pages={705--708},
  year={1997},
  publisher={Taylor \& Francis}
}

@article{granville2006prime,
  title={Prime number races},
  author={Granville, Andrew and Martin, Greg},
  journal={The American Mathematical Monthly},
  volume={113},
  number={1},
  pages={1--33},
  year={2006},
  publisher={Taylor \& Francis}
}
@book{murty2012non,
  title={Non-vanishing of L-functions and applications},
  author={Murty, M Ram and Murty, V Kumar},
  year={2012},
  publisher={Springer Science \& Business Media}
}

@book{A.J.Hildebrand,
  author={A.J. Hildebrand},
  title={Introduction to Analytic Number Theory Lecture Notes},
  year={ 2005 url: \url{https://bit.ly/3V7a7G0}},

}

@book{iwaniec2021analytic,
  title={Analytic number theory},
  author={Iwaniec, Henryk and Kowalski, Emmanuel},
  volume={53},
  year={2021},
  publisher={American Mathematical Soc.}
}

@article{levinson1969motivated,
  title={A motivated account of an elementary proof of the prime number theorem},
  author={Levinson, Norman},
  journal={The American Mathematical Monthly},
  volume={76},
  number={3},
  pages={225--245},
  year={1969},
  publisher={Taylor \& Francis}
}